%YAML 1.1
%TAG !u! tag:unity3d.com,2011:
--- !u!1 &5745432353334145041
GameObject:
  m_ObjectHideFlags: 0
  m_CorrespondingSourceObject: {fileID: 0}
  m_PrefabInstance: {fileID: 0}
  m_PrefabAsset: {fileID: 0}
  serializedVersion: 6
  m_Component:
  - component: {fileID: 2037237609304474371}
  - component: {fileID: 1740402214629620924}
  m_Layer: 9
  m_Name: DEBRIS Meteor Var3
  m_TagString: Untagged
  m_Icon: {fileID: 0}
  m_NavMeshLayer: 0
  m_StaticEditorFlags: 0
  m_IsActive: 1
--- !u!4 &2037237609304474371
Transform:
  m_ObjectHideFlags: 0
  m_CorrespondingSourceObject: {fileID: 0}
  m_PrefabInstance: {fileID: 0}
  m_PrefabAsset: {fileID: 0}
  m_GameObject: {fileID: 5745432353334145041}
  m_LocalRotation: {x: 0, y: 0, z: 0, w: 1}
  m_LocalPosition: {x: 145.42, y: -1000, z: 0}
  m_LocalScale: {x: 1, y: 1, z: 1}
  m_Children:
  - {fileID: 6630134194073914581}
  - {fileID: 5099223879685726597}
  m_Father: {fileID: 0}
  m_RootOrder: 0
  m_LocalEulerAnglesHint: {x: 0, y: 0, z: 0}
--- !u!54 &1740402214629620924
Rigidbody:
  m_ObjectHideFlags: 0
  m_CorrespondingSourceObject: {fileID: 0}
  m_PrefabInstance: {fileID: 0}
  m_PrefabAsset: {fileID: 0}
  m_GameObject: {fileID: 5745432353334145041}
  serializedVersion: 2
  m_Mass: 1
  m_Drag: 0
  m_AngularDrag: 0.05
  m_UseGravity: 0
  m_IsKinematic: 0
  m_Interpolate: 0
  m_Constraints: 4
  m_CollisionDetection: 0
--- !u!64 &6290601369807810322
MeshCollider:
  m_ObjectHideFlags: 0
  m_CorrespondingSourceObject: {fileID: 0}
  m_PrefabInstance: {fileID: 0}
  m_PrefabAsset: {fileID: 0}
  m_GameObject: {fileID: 6289601542379148911}
  m_Material: {fileID: 0}
  m_IsTrigger: 0
  m_Enabled: 1
  serializedVersion: 4
  m_Convex: 1
  m_CookingOptions: 30
  m_Mesh: {fileID: 4711208715938537054, guid: 901fb7c83a0e329449185df6d0bbfdcc, type: 3}
--- !u!1 &6567094609622776075
GameObject:
  m_ObjectHideFlags: 0
  m_CorrespondingSourceObject: {fileID: 0}
  m_PrefabInstance: {fileID: 0}
  m_PrefabAsset: {fileID: 0}
  serializedVersion: 6
  m_Component:
  - component: {fileID: 5099223879685726597}
  - component: {fileID: 5275206237657403091}
  m_Layer: 0
  m_Name: Point Light
  m_TagString: Untagged
  m_Icon: {fileID: 0}
  m_NavMeshLayer: 0
  m_StaticEditorFlags: 0
  m_IsActive: 1
--- !u!4 &5099223879685726597
Transform:
  m_ObjectHideFlags: 0
  m_CorrespondingSourceObject: {fileID: 0}
  m_PrefabInstance: {fileID: 0}
  m_PrefabAsset: {fileID: 0}
  m_GameObject: {fileID: 6567094609622776075}
  m_LocalRotation: {x: -0, y: -0, z: -0, w: 1}
  m_LocalPosition: {x: 7, y: 640, z: 0}
  m_LocalScale: {x: 1, y: 1, z: 1}
  m_Children: []
  m_Father: {fileID: 2037237609304474371}
  m_RootOrder: 1
  m_LocalEulerAnglesHint: {x: 0, y: 0, z: 0}
--- !u!108 &5275206237657403091
Light:
  m_ObjectHideFlags: 0
  m_CorrespondingSourceObject: {fileID: 0}
  m_PrefabInstance: {fileID: 0}
  m_PrefabAsset: {fileID: 0}
  m_GameObject: {fileID: 6567094609622776075}
  m_Enabled: 1
  serializedVersion: 10
  m_Type: 2
  m_Shape: 0
  m_Color: {r: 0.6084906, g: 0.63121754, b: 1, a: 1}
  m_Intensity: 2
  m_Range: 500
  m_SpotAngle: 30
  m_InnerSpotAngle: 21.80208
  m_CookieSize: 10
  m_Shadows:
    m_Type: 0
    m_Resolution: -1
    m_CustomResolution: -1
    m_Strength: 1
    m_Bias: 0.05
    m_NormalBias: 0.4
    m_NearPlane: 0.2
    m_CullingMatrixOverride:
      e00: 1
      e01: 0
      e02: 0
      e03: 0
      e10: 0
      e11: 1
      e12: 0
      e13: 0
      e20: 0
      e21: 0
      e22: 1
      e23: 0
      e30: 0
      e31: 0
      e32: 0
      e33: 1
    m_UseCullingMatrixOverride: 0
  m_Cookie: {fileID: 0}
  m_DrawHalo: 0
  m_Flare: {fileID: 0}
  m_RenderMode: 0
  m_CullingMask:
    serializedVersion: 2
    m_Bits: 4294967295
  m_RenderingLayerMask: 1
  m_Lightmapping: 4
  m_LightShadowCasterMode: 0
  m_AreaSize: {x: 1, y: 1}
  m_BounceIntensity: 1
  m_ColorTemperature: 6570
  m_UseColorTemperature: 0
  m_BoundingSphereOverride: {x: 0, y: 0, z: 0, w: 0}
  m_UseBoundingSphereOverride: 0
  m_ShadowRadius: 0
  m_ShadowAngle: 0
--- !u!1001 &6595608062924368702
PrefabInstance:
  m_ObjectHideFlags: 0
  serializedVersion: 2
  m_Modification:
    m_TransformParent: {fileID: 2037237609304474371}
    m_Modifications:
    - target: {fileID: -8679921383154817045, guid: 901fb7c83a0e329449185df6d0bbfdcc,
        type: 3}
      propertyPath: m_LocalPosition.x
      value: 0
      objectReference: {fileID: 0}
    - target: {fileID: -8679921383154817045, guid: 901fb7c83a0e329449185df6d0bbfdcc,
        type: 3}
      propertyPath: m_LocalPosition.y
      value: 600
      objectReference: {fileID: 0}
    - target: {fileID: -8679921383154817045, guid: 901fb7c83a0e329449185df6d0bbfdcc,
        type: 3}
      propertyPath: m_LocalPosition.z
      value: 0
      objectReference: {fileID: 0}
    - target: {fileID: -8679921383154817045, guid: 901fb7c83a0e329449185df6d0bbfdcc,
        type: 3}
      propertyPath: m_LocalRotation.x
      value: -0.7071068
      objectReference: {fileID: 0}
    - target: {fileID: -8679921383154817045, guid: 901fb7c83a0e329449185df6d0bbfdcc,
        type: 3}
      propertyPath: m_LocalRotation.y
      value: -0
      objectReference: {fileID: 0}
    - target: {fileID: -8679921383154817045, guid: 901fb7c83a0e329449185df6d0bbfdcc,
        type: 3}
      propertyPath: m_LocalRotation.z
      value: -0
      objectReference: {fileID: 0}
    - target: {fileID: -8679921383154817045, guid: 901fb7c83a0e329449185df6d0bbfdcc,
        type: 3}
      propertyPath: m_LocalRotation.w
      value: 0.7071067
      objectReference: {fileID: 0}
    - target: {fileID: -8679921383154817045, guid: 901fb7c83a0e329449185df6d0bbfdcc,
        type: 3}
      propertyPath: m_RootOrder
      value: 0
      objectReference: {fileID: 0}
    - target: {fileID: -8679921383154817045, guid: 901fb7c83a0e329449185df6d0bbfdcc,
        type: 3}
      propertyPath: m_LocalEulerAnglesHint.x
      value: 0
      objectReference: {fileID: 0}
    - target: {fileID: -8679921383154817045, guid: 901fb7c83a0e329449185df6d0bbfdcc,
        type: 3}
      propertyPath: m_LocalEulerAnglesHint.y
      value: 0
      objectReference: {fileID: 0}
    - target: {fileID: -8679921383154817045, guid: 901fb7c83a0e329449185df6d0bbfdcc,
        type: 3}
      propertyPath: m_LocalEulerAnglesHint.z
      value: 0
      objectReference: {fileID: 0}
    - target: {fileID: -8679921383154817045, guid: 901fb7c83a0e329449185df6d0bbfdcc,
        type: 3}
      propertyPath: m_LocalScale.x
      value: 1000
      objectReference: {fileID: 0}
    - target: {fileID: -8679921383154817045, guid: 901fb7c83a0e329449185df6d0bbfdcc,
        type: 3}
      propertyPath: m_LocalScale.y
      value: 1000
      objectReference: {fileID: 0}
    - target: {fileID: -8679921383154817045, guid: 901fb7c83a0e329449185df6d0bbfdcc,
        type: 3}
      propertyPath: m_LocalScale.z
      value: 1000
      objectReference: {fileID: 0}
    - target: {fileID: -7511558181221131132, guid: 901fb7c83a0e329449185df6d0bbfdcc,
        type: 3}
      propertyPath: m_Materials.Array.data[0]
      value: 
      objectReference: {fileID: 2100000, guid: 29830b5eaf650974f82f993283ce0c1c, type: 2}
    - target: {fileID: 919132149155446097, guid: 901fb7c83a0e329449185df6d0bbfdcc,
        type: 3}
      propertyPath: m_Name
      value: Meteor6
      objectReference: {fileID: 0}
    - target: {fileID: 919132149155446097, guid: 901fb7c83a0e329449185df6d0bbfdcc,
        type: 3}
      propertyPath: m_Layer
      value: 9
      objectReference: {fileID: 0}
    m_RemovedComponents: []
  m_SourcePrefab: {fileID: 100100000, guid: 901fb7c83a0e329449185df6d0bbfdcc, type: 3}
--- !u!1 &6289601542379148911 stripped
GameObject:
  m_CorrespondingSourceObject: {fileID: 919132149155446097, guid: 901fb7c83a0e329449185df6d0bbfdcc,
    type: 3}
  m_PrefabInstance: {fileID: 6595608062924368702}
  m_PrefabAsset: {fileID: 0}
--- !u!4 &6630134194073914581 stripped
Transform:
  m_CorrespondingSourceObject: {fileID: -8679921383154817045, guid: 901fb7c83a0e329449185df6d0bbfdcc,
    type: 3}
  m_PrefabInstance: {fileID: 6595608062924368702}
  m_PrefabAsset: {fileID: 0}
